@article{vazifeh2018addressing,
  title={Addressing the minimum fleet problem in on-demand urban mobility},
  author={Vazifeh, Mohammed M and Santi, P and Resta, G and Strogatz, SH and Ratti, C},
  journal={Nature},
  volume={557},
  number={7706},
  pages={534},
  year={2018},
  publisher={Nature Publishing Group}
}

@article{rodier2018automated,
  title={Automated vehicle scenarios: Simulation of system-level travel effects using agent-based demand and supply models in the San Francisco Bay area},
  author={Rodier, Caroline and Jaller, Miguel and Pourrahmani, Elham and Bischoff, Joschka and Freedman, Joel and Pahwa, Anmol},
  year={2018}
}

@article{fagnant2018dynamic,
  title={Dynamic ride-sharing and fleet sizing for a system of shared autonomous vehicles in Austin, Texas},
  author={Fagnant, Daniel J and Kockelman, Kara M},
  journal={Transportation},
  volume={45},
  number={1},
  pages={143--158},
  year={2018},
  publisher={Springer}
}

@article{liu2018shared,
  title={Shared Autonomous Taxi System and Utilization of Collected Travel-Time Information},
  author={Liu, Zhiguang and Miwa, Tomio and Zeng, Weiliang and Bell, Michael GH and Morikawa, Takayuki},
  journal={Journal of Advanced Transportation},
  volume={2018},
  year={2018},
  publisher={Hindawi}
}

@article{boesch2016autonomous,
  title={Autonomous vehicle fleet sizes required to serve different levels of demand},
  author={Boesch, Patrick M and Ciari, Francesco and Axhausen, Kay W},
  journal={Transportation Research Record},
  volume={2542},
  number={1},
  pages={111--119},
  year={2016},
  publisher={SAGE Publications Sage CA: Los Angeles, CA}
}

@inproceedings{martinez2015urban,
  title={Urban Mobility System Upgrade--How shared self-driving cars could change city traffic},
  author={Martinez, Luis and Crist, P},
  booktitle={International Transport Forum, Paris},
  year={2015}
}

@article{alonso2017demand,
  title={On-demand high-capacity ride-sharing via dynamic trip-vehicle assignment},
  author={Alonso-Mora, Javier and Samaranayake, Samitha and Wallar, Alex and Frazzoli, Emilio and Rus, Daniela},
  journal={Proceedings of the National Academy of Sciences},
  volume={114},
  number={3},
  pages={462--467},
  year={2017},
  publisher={National Acad Sciences}
}

@article{santi2014quantifying,
  title={Quantifying the benefits of vehicle pooling with shareability networks},
  author={Santi, Paolo and Resta, Giovanni and Szell, Michael and Sobolevsky, Stanislav and Strogatz, Steven H and Ratti, Carlo},
  journal={Proceedings of the National Academy of Sciences},
  volume={111},
  number={37},
  pages={13290--13294},
  year={2014},
  publisher={National Acad Sciences}
}

@inproceedings{ma2013t,
  title={T-share: A large-scale dynamic taxi ridesharing service},
  author={Ma, Shuo and Zheng, Yu and Wolfson, Ouri},
  booktitle={2013 IEEE 29th International Conference on Data Engineering (ICDE)},
  pages={410--421},
  year={2013},
  organization={IEEE}
}

@article{lee2019autonomous,
  title={Autonomous vehicles can be shared, but a feeling of ownership is important: Examination of the influential factors for intention to use autonomous vehicles},
  author={Lee, Jihye and Lee, Daeho and Park, Yuri and Lee, Sangwon and Ha, Taehyun},
  journal={Transportation Research Part C: Emerging Technologies},
  volume={107},
  pages={411--422},
  year={2019},
  publisher={Elsevier}
}

@article{lokhandwala2018dynamic,
  title={Dynamic ride sharing using traditional taxis and shared autonomous taxis: A case study of NYC},
  author={Lokhandwala, Mustafa and Cai, Hua},
  journal={Transportation Research Part C: Emerging Technologies},
  volume={97},
  pages={45--60},
  year={2018},
  publisher={Elsevier}
}